@article{sagan:bmad2006,
  author     = "D. Sagan",
  title      = "{Bmad: A relativistic charged particle simulation library}",
  booktitle  = "{Computational accelerator physics. Proceedings, 8th
                International Conference, ICAP 2004, St. Petersburg,
                Russia, June 29-July 2, 2004}",
  journal    = "Nucl. Instrum. Meth.",
  volume     = "A558",
  number     = "1",
  year       = "2006",
  pages      = "356-359",
  issn       = "0168-9002",
  doi        = "https://doi.org/10.1016/j.nima.2005.11.001",
  note       = "Proceedings of the 8th International Computational Accelerator Physics Conference",
  keywords   = "Simulation, Particle accelerators, Relativistic beams",
  SLACcitation = "%%CITATION = NUIMA,A558,356;%%"
}
