@article{Abell:RF-maps,
  title = {Numerical computation of high-order transfer maps for rf cavities},
  author = {Abell, Dan T.},
  journal = {Phys. Rev. ST Accel. Beams},
  volume = {9},
  issue = {5},
  pages = {052001},
  numpages = {13},
  year = {2006},
  month = {5},
  publisher = {American Physical Society},
  doi = {10.1103/PhysRevSTAB.9.052001},
  url = {https://link.aps.org/doi/10.1103/PhysRevSTAB.9.052001}
}

@article{Appleby:Merlin2020,
    author = "Appleby, Robert B. and Barlow, Roger J. and Kruecker, Dirk and Molson, James and Rowan, Scott and Tygier, Sam and Rafique, Haroon and Walker, Nicholas and Wolski, Andrzej",
    title = "{Merlin++, a flexible and feature-rich accelerator physics and particle tracking library}",
    eprint = "2011.04335",
    archivePrefix = "arXiv",
    primaryClass = "physics.acc-ph",
    doi = "10.1016/j.cpc.2021.108204",
    journal = "Comput. Phys. Commun.",
    volume = "271",
    pages = "108204",
    year = "2022"
}

@article{Iadarola:Xsuite2023,
    author = "Iadarola, G. and others",
    title = "{Xsuite: an integrated beam physics simulation framework}",
    eprint = "2310.00317",
    archivePrefix = "arXiv",
    primaryClass = "physics.acc-ph",
    month = "9",
    year = "2023"
}

@inproceedings{Borland:Elegant2000,
    author = "Borland, M.",
    title = "{elegant: A Flexible SDDS-Compliant Code for Accelerator Simulation}",
    booktitle = "{6th International Computational Accelerator Physics Conference (ICAP 2000)}",
    reportNumber = "LS-287",
    doi = "10.2172/761286",
    year = "2000"
}

@INPROCEEDINGS{Grote:MAD1989,
  author={Grote, H. and Iselin, F.C. and Keil, E. and Niederer, J.},
  booktitle={Proceedings of the 1989 IEEE Particle Accelerator Conference, . 'Accelerator Science and Technology}, 
  title={The MAD program}, 
  year={1989},
  volume={},
  number={},
  pages={1292-1294 vol.2},
  keywords={Computer graphics;Particle beam measurements},
  doi={10.1109/PAC.1989.73426}
}

@book{Lee:Physics,
  author = {Lee, S Y},
  title = {Accelerator Physics},
  publisher = {WORLD SCIENTIFIC},
  year = {2019},
  doi = {10.1142/11111},
  address = {},
  edition   = {4th},
  URL = {https://www.worldscientific.com/doi/abs/10.1142/11111},
  eprint = {https://www.worldscientific.com/doi/pdf/10.1142/11111}
}

@article{McMillan:Multipoles,
title = {Multipoles in Cylindrical Coordinates},
journal = {Nuclear Instruments and Methods},
volume = {127},
number = {3},
pages = {471-474},
year = {1975},
issn = {0029-554X},
doi = {https://doi.org/10.1016/S0029-554X(75)80021-8},
url = {https://www.sciencedirect.com/science/article/pii/S0029554X75800218},
author = {Edwin M. McMillan},
}

@inproceedings{Newton:map,
    author = {D. Newton and A. Wolski},
    title = {{Fast, Accurate Calculation of Dynamical Maps from Magnetic Field Data Using Generalised Gradients}},
    booktitle = {Proc. PAC'09},
    pages = {3943--3945},
    paper = {TH6PFP099},
    venue = {Vancouver, Canada, May 2009},
    series = {Particle Accelerator Conference},
    number = {23},
    publisher = {JACoW Publishing, Geneva, Switzerland},
    url = {https://jacow.org/PAC2009/papers/TH6PFP099.pdf},
    language = {english}
}

@article{Sagan:Bmad2006,
  author     = "D. Sagan",
  title      = "{Bmad: A relativistic charged particle simulation library}",
  booktitle  = "{Computational accelerator physics. Proceedings, 8th
                International Conference, ICAP 2004, St. Petersburg,
                Russia, June 29-July 2, 2004}",
  journal    = "Nucl. Instrum. Meth.",
  volume     = "A558",
  number     = "1",
  year       = "2006",
  pages      = "356-359",
  issn       = "0168-9002",
  doi        = "https://doi.org/10.1016/j.nima.2005.11.001",
  note       = "Proceedings of the 8th International Computational Accelerator Physics Conference",
  keywords   = "Simulation, Particle accelerators, Relativistic beams",
  SLACcitation = "%%CITATION = NUIMA,A558,356;%%"
}

@INPROCEEDINGS{Sagan:wiggler,
  author={Sagan, D. and Crittenden, J.A. and Rubin, D. and Forest, E.},
  booktitle={Proceedings of the 2003 Particle Accelerator Conference}, 
  title={A magnetic field model for wigglers and undulators}, 
  year={2003},
  volume={2},
  number={},
  pages={1023-1025 Vol.2},
  keywords={Undulators;Magnetic fields;Magnetic field measurement;Storage rings;Magnetic analysis;Superconducting magnets;Fourier transforms;Apertures;Maxwell equations;Nonlinear distortion},
  doi={10.1109/PAC.2003.1289592}}

@article{Venturini:LHC-Quads,
    author = "Venturini, M. and Abell, D. and Dragt, A.",
    booktitle={Proceedings, 1998 International Computational Accelerator Physics Conference},
    title = "{Map computation from magnetic field data and application to the LHC high gradient quadrupoles}",
    pages = "184--188",
    year = "1998"
}

@article{Venturini:magmaps,
  title={Accurate computation of transfer maps from magnetic field data},
  author={Venturini, Marco and Dragt, Alex J},
  journal={Nuclear Instruments and Methods in Physics Research Section A: Accelerators, Spectrometers, Detectors and Associated Equipment},
  volume={427},
  number={1-2},
  pages={387--392},
  year={1999},
  publisher={Elsevier}
}

@unpublished{Zhou:SADmaps,
  author = {Zhou, D. and Oide, K.},
  title = {Maps Used in SAD},
  institution = {KEK},
  year = {2015},
}